<?xml version="1.0" encoding="UTF-8" ?><marc:record xmlns:marc="http://www.loc.gov/MARC21/slim"><marc:leader>00526nam a2200109   4500</marc:leader><marc:controlfield tag="001">1000232</marc:controlfield><marc:controlfield tag="008">100120s1842        enk       |00|| und d</marc:controlfield><marc:datafield tag="100" ind1="1" ind2=" "><marc:subfield code="a">Darwin, Charles.</marc:subfield></marc:datafield><marc:datafield tag="245" ind1="1" ind2="0"><marc:subfield code="a">Considérations sur les céréales, et principalement sur les froments. :</marc:subfield><marc:subfield code="b">[Supplementary material in Charles Darwin's copy].</marc:subfield></marc:datafield><marc:datafield tag="500" ind1=" " ind2=" "><marc:subfield code="a">Identifier: Loiseleur-Deslongchamps1842qc28A_MS.</marc:subfield></marc:datafield><marc:datafield tag="700" ind1="1" ind2=" "><marc:subfield code="a">Loiseleur-Deslongchamps, Jean Louis Auguste.</marc:subfield></marc:datafield><marc:datafield tag="772" ind1="0" ind2=" "><marc:subfield code="t">Considérations sur les céréales, et principalement sur les froments.</marc:subfield><marc:subfield code="o">Loiseleur-Deslongchamps1842qc28A</marc:subfield></marc:datafield></marc:record>